@manual{intel2017man,
  author = {{Intel Corporation}},
  title = {Intel 64 and IA-32 Architectures Software Developerâ€™s Manual},
  year = {2016},
  month = apr,
  organization = {Intel Corporation},
  note = {\url{http://www.intel.com/content/www/us/en/processors/architectures-software-developer-manuals.html},
   visited 2017-08-19}
}


@INPROCEEDINGS{7002427,
  author={Deepthi Murthy, T. S. and Sadashivappa, G.},
  booktitle={2014 International Conference on Advances in Electronics Computers and Communications}, 
  title={Brain tumor segmentation using thresholding, morphological operations and extraction of features of tumor}, 
  year={2014},
  volume={},
  number={},
  pages={1-6},
  doi={10.1109/ICAECC.2014.7002427}}

@INPROCEEDINGS{6900702,
  author={Ramaiah, N Pattabhi and Rao, A Tirupathi and Mohan, C Krishna},
  booktitle={2014 19th International Conference on Digital Signal Processing}, 
  title={Enhancements to latent fingerprints in forensic applications}, 
  year={2014},
  volume={},
  number={},
  pages={439-443},
  doi={10.1109/ICDSP.2014.6900702}}

